<?xml version="1.0" encoding="UTF-8"?>
<record xmlns="http://www.loc.gov/MARC21/slim" xmlns:xsi="http://www.w3.org/2001/XMLSchema-instance" xsi:schemaLocation="http://www.loc.gov/MARC21/slim http://www.loc.gov/standards/marcxml/schema/MARC21slim.xsd">
<leader>00000cam a22      a 4500</leader>
<controlfield tag="001">001689340</controlfield>
<controlfield tag="003">NNU</controlfield>
<controlfield tag="005">20160229175106.0</controlfield>
<controlfield tag="008">040603s1892    ua            000 0 ara d</controlfield>
<datafield tag="035" ind1=" " ind2=" ">
<subfield code="a">(OCoLC)55538069</subfield>
</datafield>
<datafield tag="040" ind1=" " ind2=" ">
<subfield code="a">ZYU</subfield>
<subfield code="b">eng</subfield>
<subfield code="c">ZYU</subfield>
<subfield code="d">OCLCQ</subfield>
<subfield code="d">OCLCF</subfield>
<subfield code="d">OCLCO</subfield>
<subfield code="d">OCLCQ</subfield>
<subfield code="d">OCLCO</subfield>
<subfield code="d">NNU</subfield>
</datafield>
<datafield tag="050" ind1=" " ind2="4">
<subfield code="a">BP174</subfield>
<subfield code="b">.Z8 1892</subfield>
</datafield>
<datafield tag="100" ind1="1" ind2=" ">
<subfield code="6">880-01</subfield>
<subfield code="a">Zurqānī, Muḥammad ibn ʻAbd al-Bāqī,</subfield>
<subfield code="d">1645-1710.</subfield>
</datafield>
<datafield tag="240" ind1="1" ind2="0">
<subfield code="6">880-02</subfield>
<subfield code="a">Sharḥ Muwaṭṭaʼ al-Imām Mālik</subfield>
</datafield>
<datafield tag="245" ind1="1" ind2="0">
<subfield code="6">880-03</subfield>
<subfield code="a">Min sharḥ khātimat al-muḥaqqiqīn wa-imām al-ʻārifīn Muḥammad al-Zurqānī ʻalá ṣaḥīḥ al-Muwaṭṭaʼ li-Mālik ibn Anas :</subfield>
<subfield code="b">wa-bihāmishihi Ṣaḥī ḥ sunan al-Muṣṭafá li-Abī Dāʼūd Sulaymān ibn al-Ashʻath al-Sijistānī.</subfield>
</datafield>
<datafield tag="260" ind1=" " ind2=" ">
<subfield code="6">880-04</subfield>
<subfield code="a">Miṣr :</subfield>
<subfield code="b">al-Maṭbaʻah al-Khayrīyah,</subfield>
<subfield code="c">1892.</subfield>
</datafield>
<datafield tag="300" ind1=" " ind2=" ">
<subfield code="a">4 volumes ;</subfield>
<subfield code="c">28 cm</subfield>
</datafield>
<datafield tag="336" ind1=" " ind2=" ">
<subfield code="a">text</subfield>
<subfield code="b">txt</subfield>
<subfield code="2">rdacontent</subfield>
</datafield>
<datafield tag="337" ind1=" " ind2=" ">
<subfield code="a">unmediated</subfield>
<subfield code="b">n</subfield>
<subfield code="2">rdamedia</subfield>
</datafield>
<datafield tag="338" ind1=" " ind2=" ">
<subfield code="a">volume</subfield>
<subfield code="b">nc</subfield>
<subfield code="2">rdacarrier</subfield>
</datafield>
<datafield tag="500" ind1=" " ind2=" ">
<subfield code="a">Volume 3 discarded.</subfield>
</datafield>
<datafield tag="650" ind1=" " ind2="0">
<subfield code="a">Religious life</subfield>
<subfield code="x">Islam.</subfield>
</datafield>
<datafield tag="650" ind1=" " ind2="0">
<subfield code="a">Islam</subfield>
<subfield code="x">Customs and practices.</subfield>
</datafield>
<datafield tag="600" ind1="0" ind2="0">
<subfield code="6">880-05</subfield>
<subfield code="a">Mālik ibn Anas,</subfield>
<subfield code="d">-795.</subfield>
<subfield code="t">Muwaṭṭaʼ.</subfield>
</datafield>
<datafield tag="630" ind1="0" ind2="7">
<subfield code="a">Muwaṭṭaʼ (Mālik ibn Anas)</subfield>
<subfield code="2">fast</subfield>
<subfield code="0">(OCoLC)fst01359323</subfield>
</datafield>
<datafield tag="650" ind1=" " ind2="7">
<subfield code="a">Islam</subfield>
<subfield code="x">Customs and practices.</subfield>
<subfield code="2">fast</subfield>
<subfield code="0">(OCoLC)fst00979785</subfield>
</datafield>
<datafield tag="650" ind1=" " ind2="7">
<subfield code="a">Religious life</subfield>
<subfield code="x">Islam.</subfield>
<subfield code="2">fast</subfield>
<subfield code="0">(OCoLC)fst01094119</subfield>
</datafield>
<datafield tag="700" ind1="1" ind2=" ">
<subfield code="6">880-06</subfield>
<subfield code="a">Abū Dāʼūd, Sulaymān ibn al-Ashʻath,</subfield>
<subfield code="d">817-889.</subfield>
<subfield code="t">Ṣaḥīḥ sunan al-Muṣṭafá.</subfield>
</datafield>
<datafield tag="880" ind1="1" ind2=" ">
<subfield code="6">100-01/</subfield>
<subfield code="a">زرقانى، محمد بن عبد الباقى،</subfield>
<subfield code="d">1645-1710.</subfield>
</datafield>
<datafield tag="880" ind1="1" ind2="0">
<subfield code="6">240-02/</subfield>
<subfield code="a">شرح موطأ الامام مالك</subfield>
</datafield>
<datafield tag="880" ind1="1" ind2="0">
<subfield code="6">245-03/</subfield>
<subfield code="a">من شرح خاتمة المحققين وامام العارفي محمد الزرقانى على صحيح الموطأ لمالك بن أنس :</subfield>
<subfield code="b">وبهامشه صحيح سنن المصطفى لأبى داود سليمان بن الأشعث السجستانى.</subfield>
</datafield>
<datafield tag="880" ind1=" " ind2=" ">
<subfield code="6">260-04/</subfield>
<subfield code="a">مصر :</subfield>
<subfield code="b">المطبعة الخيرية،</subfield>
<subfield code="c">١٨٩٢.</subfield>
</datafield>
<datafield tag="880" ind1="0" ind2="4">
<subfield code="6">600-05/</subfield>
<subfield code="a">مالك بن أنس.</subfield>
</datafield>
<datafield tag="880" ind1="1" ind2=" ">
<subfield code="6">700-06/</subfield>
<subfield code="a">أبو داود، سليمان بن الأشعث،,</subfield>
<subfield code="d">٨١٧-٨٨٩.</subfield>
<subfield code="t">صحيح سنن المصطفى.</subfield>
</datafield>
<datafield tag="OWN" ind1=" " ind2=" ">
<subfield code="a">GENERAL</subfield>
</datafield>
<datafield tag="AVA" ind1=" " ind2=" ">
<subfield code="a">NYU50</subfield>
<subfield code="b">BOBST</subfield>
<subfield code="c">Main Collection</subfield>
<subfield code="d">BP174 .Z8</subfield>
<subfield code="e">unavailable</subfield>
<subfield code="t">Unavailable</subfield>
<subfield code="f">3</subfield>
<subfield code="g">3</subfield>
<subfield code="h">Y</subfield>
<subfield code="i">0</subfield>
<subfield code="j">MAIN</subfield>
<subfield code="k">0</subfield>
</datafield>
</record>
